<?xml version="1.0" encoding="UTF-8"?><collection xmlns="http://www.loc.gov/MARC21/slim"><record><leader>00447nam--2200169-u-4500</leader><controlfield tag="001">000052598</controlfield><controlfield tag="002">20161230</controlfield><controlfield tag="005">20161230201050</controlfield><controlfield tag="008">100916s1000------------r-----000-0-eng-d</controlfield><datafield ind1=" " ind2=" " tag="040"><subfield code="a">IFIN-HH</subfield></datafield><datafield ind1=" " ind2=" " tag="080"><subfield code="a">533.75(043)</subfield></datafield><datafield ind1="1" ind2=" " tag="100"><subfield code="a">Bot, Arjen</subfield></datafield><datafield ind1="1" ind2="0" tag="245"><subfield code="a">Partial Structure Factors and Fast Sound in Binary Gas Mixtures</subfield><subfield code="c">Arjen Bot</subfield></datafield><datafield ind1=" " ind2=" " tag="260"><subfield code="a">Amsterdam</subfield><subfield code="b">Rodopi</subfield><subfield code="c">1990</subfield></datafield><datafield ind1=" " ind2=" " tag="300"><subfield code="a">98 p</subfield></datafield><datafield ind1=" " ind2=" " tag="852"><subfield code="a">79819</subfield><subfield code="c">533.7</subfield></datafield><datafield ind1=" " ind2=" " tag="CAT"><subfield code="a">Sys</subfield><subfield code="c">20100916</subfield><subfield code="h">121112</subfield></datafield></record></collection>